%% This BibTeX bibliography file was created using BibDesk.
%% http://bibdesk.sourceforge.net/


%% Created for LFSaw at 2013-01-24 19:52:59 +0200


%% Saved with string encoding Western (ISO Latin 1)



@book{Xenakis:1971,
	Address = {Bloomington},
	Author = {Xenakis, I.},
	Date-Added = {2013-01-24 17:52:58 +0000},
	Date-Modified = {2013-01-24 17:52:58 +0000},
	Keywords = {Music},
	Publisher = {Indiana University Press},
	Title = {Formalized Music},
	Year = {1971},
	Bdsk-File-1 = {YnBsaXN0MDDUAQIDBAUIJidUJHRvcFgkb2JqZWN0c1gkdmVyc2lvblkkYXJjaGl2ZXLRBgdUcm9vdIABqAkKFRYXGyIjVSRudWxs0wsMDQ4RFFpOUy5vYmplY3RzV05TLmtleXNWJGNsYXNzog8QgASABqISE4ACgAOAB1lhbGlhc0RhdGFccmVsYXRpdmVQYXRo0hgNGRpXTlMuZGF0YU8RAYoAAAAAAYoAAgAABlJlc29uegAAAAAAAAAAAAAAAAAAAAAAAAAAAMjsVHhIKwAAAB0zMxFYZW5ha2lzMTk3MWFhLnBkZgAAAAAAAAAAAAAAAAAAAAAAAAAAAAAAAAAAAAAAAAAAAAAAAAAAAAAAAAAAAAADXJ1lzRyhCVBERiBDQVJPAAUAAwAACSAAAAAAAAAAAAAAAAAAAAANYmliZGVzay1maWxlcwAAEAAIAADI7CpIAAAAEQAIAADNHITpAAAAAQAMAB0zMwAdMyUAHHrvAAIAPFJlc29uejpsb2NhbHZvbDoAcmVzb3VyY2VzOgBiaWJkZXNrLWZpbGVzOgBYZW5ha2lzMTk3MWFhLnBkZgAOACQAEQBYAGUAbgBhAGsAaQBzADEAOQA3ADEAYQBhAC4AcABkAGYADwAOAAYAUgBlAHMAbwBuAHoAEgAybG9jYWx2b2wvcmVzb3VyY2VzL2JpYmRlc2stZmlsZXMvWGVuYWtpczE5NzFhYS5wZGYAEwABLwD//wAAgAXSHB0eH1gkY2xhc3Nlc1okY2xhc3NuYW1lox8gIV1OU011dGFibGVEYXRhVk5TRGF0YVhOU09iamVjdF8QOC4uLy4uLy4uLy4uLy4uL3Jlc291cmNlcy9iaWJkZXNrLWZpbGVzL1hlbmFraXMxOTcxYWEucGRm0hwdJCWiJSFcTlNEaWN0aW9uYXJ5EgABhqBfEA9OU0tleWVkQXJjaGl2ZXIACAARABYAHwAoADIANQA6ADwARQBLAFIAXQBlAGwAbwBxAHMAdgB4AHoAfACGAJMAmACgAi4CMAI1Aj4CSQJNAlsCYgJrAqYCqwKuArsCwAAAAAAAAAIBAAAAAAAAACgAAAAAAAAAAAAAAAAAAALS}}

@book{2006-the,
	Date-Added = {2013-01-24 11:28:25 +0000},
	Date-Modified = {2013-01-24 11:37:11 +0000},
	Editor = {Howse, M. and Kemp, J.},
	Isbn = {0955066441},
	Keywords = {live coding},
	Month = {September},
	Publisher = {Mute},
	Title = {{[the] xxxxx [reader]}},
	Year = {2006}}

@article{barricelli1963numerical,
	Author = {Barricelli, N.A.},
	Date-Added = {2013-01-24 11:26:07 +0000},
	Date-Modified = {2013-01-24 11:26:14 +0000},
	Journal = {Acta Biotheoretica},
	Keywords = {genetic algorithms},
	Number = {3},
	Pages = {99--126},
	Publisher = {Springer},
	Title = {Numerical testing of evolution theories},
	Volume = {16},
	Year = {1963}}

@article{mclean2010-vis,
	Author = {McLean, A. and Griffiths, D. and Collins, N. and Wiggins, G.},
	Date-Added = {2013-01-24 11:20:49 +0000},
	Date-Modified = {2013-01-24 11:21:00 +0000},
	Journal = {Proceedings of Electronic Visualisation and the Arts 2010},
	Keywords = {code, live coding, visualization},
	Title = {Visualisation of live code},
	Year = {2010},
	Bdsk-File-1 = {YnBsaXN0MDDUAQIDBAUIJidUJHRvcFgkb2JqZWN0c1gkdmVyc2lvblkkYXJjaGl2ZXLRBgdUcm9vdIABqAkKFRYXGyIjVSRudWxs0wsMDQ4RFFpOUy5vYmplY3RzV05TLmtleXNWJGNsYXNzog8QgASABqISE4ACgAOAB1lhbGlhc0RhdGFccmVsYXRpdmVQYXRo0hgNGRpXTlMuZGF0YU8RAYgAAAAAAYgAAgAABlJlc29uegAAAAAAAAAAAAAAAAAAAAAAAAAAAMjsVHhIKwAAAB0zMxBNY0xlYW4yMDEwYWEucGRmAAAAAAAAAAAAAAAAAAAAAAAAAAAAAAAAAAAAAAAAAAAAAAAAAAAAAAAAAAAAAAADYhDmyrFDSwAAAAAAAAAAAAUAAwAACSAAAAAAAAAAAAAAAAAAAAANYmliZGVzay1maWxlcwAAEAAIAADI7CpIAAAAEQAIAADKsRkbAAAAAQAMAB0zMwAdMyUAHHrvAAIAO1Jlc29uejpsb2NhbHZvbDoAcmVzb3VyY2VzOgBiaWJkZXNrLWZpbGVzOgBNY0xlYW4yMDEwYWEucGRmAAAOACIAEABNAGMATABlAGEAbgAyADAAMQAwAGEAYQAuAHAAZABmAA8ADgAGAFIAZQBzAG8AbgB6ABIAMWxvY2Fsdm9sL3Jlc291cmNlcy9iaWJkZXNrLWZpbGVzL01jTGVhbjIwMTBhYS5wZGYAABMAAS8A//8AAIAF0hwdHh9YJGNsYXNzZXNaJGNsYXNzbmFtZaMfICFdTlNNdXRhYmxlRGF0YVZOU0RhdGFYTlNPYmplY3RfEDcuLi8uLi8uLi8uLi8uLi9yZXNvdXJjZXMvYmliZGVzay1maWxlcy9NY0xlYW4yMDEwYWEucGRm0hwdJCWiJSFcTlNEaWN0aW9uYXJ5EgABhqBfEA9OU0tleWVkQXJjaGl2ZXIACAARABYAHwAoADIANQA6ADwARQBLAFIAXQBlAGwAbwBxAHMAdgB4AHoAfACGAJMAmACgAiwCLgIzAjwCRwJLAlkCYAJpAqMCqAKrArgCvQAAAAAAAAIBAAAAAAAAACgAAAAAAAAAAAAAAAAAAALP}}

@article{ward2004-liv,
	Author = {Ward, A. and Rohrhuber, J. and Olofsson, F. and McLean, A. and Griffiths, D. and Collins, N. and Alexander, A.},
	Date-Added = {2013-01-24 11:20:18 +0000},
	Date-Modified = {2013-01-24 11:20:38 +0000},
	Journal = {Proceedings of the README Software Art Conference},
	Keywords = {live coding, algorithms},
	Title = {Live algorithm programming and a temporary organisation for its promotion},
	Year = {2004},
	Bdsk-File-1 = {YnBsaXN0MDDUAQIDBAUIJidUJHRvcFgkb2JqZWN0c1gkdmVyc2lvblkkYXJjaGl2ZXLRBgdUcm9vdIABqAkKFRYXGyIjVSRudWxs0wsMDQ4RFFpOUy5vYmplY3RzV05TLmtleXNWJGNsYXNzog8QgASABqISE4ACgAOAB1lhbGlhc0RhdGFccmVsYXRpdmVQYXRo0hgNGRpXTlMuZGF0YU8RAYAAAAAAAYAAAgAABlJlc29uegAAAAAAAAAAAAAAAAAAAAAAAAAAAMjsVHhIKwAAAB0zMw5XYXJkMjAwNGFhLnBkZgAAAAAAAAAAAAAAAAAAAAAAAAAAAAAAAAAAAAAAAAAAAAAAAAAAAAAAAAAAAAAAAAADYhHqzSboCwAAAAAAAAAAAAUAAwAACSAAAAAAAAAAAAAAAAAAAAANYmliZGVzay1maWxlcwAAEAAIAADI7CpIAAAAEQAIAADNJsvrAAAAAQAMAB0zMwAdMyUAHHrvAAIAOVJlc29uejpsb2NhbHZvbDoAcmVzb3VyY2VzOgBiaWJkZXNrLWZpbGVzOgBXYXJkMjAwNGFhLnBkZgAADgAeAA4AVwBhAHIAZAAyADAAMAA0AGEAYQAuAHAAZABmAA8ADgAGAFIAZQBzAG8AbgB6ABIAL2xvY2Fsdm9sL3Jlc291cmNlcy9iaWJkZXNrLWZpbGVzL1dhcmQyMDA0YWEucGRmAAATAAEvAP//AACABdIcHR4fWCRjbGFzc2VzWiRjbGFzc25hbWWjHyAhXU5TTXV0YWJsZURhdGFWTlNEYXRhWE5TT2JqZWN0XxA1Li4vLi4vLi4vLi4vLi4vcmVzb3VyY2VzL2JpYmRlc2stZmlsZXMvV2FyZDIwMDRhYS5wZGbSHB0kJaIlIVxOU0RpY3Rpb25hcnkSAAGGoF8QD05TS2V5ZWRBcmNoaXZlcgAIABEAFgAfACgAMgA1ADoAPABFAEsAUgBdAGUAbABvAHEAcwB2AHgAegB8AIYAkwCYAKACJAImAisCNAI/AkMCUQJYAmECmQKeAqECrgKzAAAAAAAAAgEAAAAAAAAAKAAAAAAAAAAAAAAAAAAAAsU=}}

@book{kane1988-mip,
	Author = {Kane, G.},
	Date-Added = {2013-01-24 10:59:01 +0000},
	Date-Modified = {2013-01-24 10:59:10 +0000},
	Keywords = {computer architecture, RISC},
	Publisher = {Prentice-Hall, Inc.},
	Title = {mips RISC Architecture},
	Year = {1988}}

@article{alpert1993-arc,
	Author = {Alpert, D. and Avnon, D.},
	Date-Added = {2013-01-24 10:57:52 +0000},
	Date-Modified = {2013-01-24 10:58:05 +0000},
	Journal = {Micro, IEEE},
	Keywords = {x86, computer architecture},
	Number = {3},
	Pages = {11--21},
	Publisher = {IEEE},
	Title = {Architecture of the Pentium microprocessor},
	Volume = {13},
	Year = {1993}}

@inproceedings{rather1993-the,
	Author = {Rather, E.D. and Colburn, D.R. and Moore, C.H.},
	Booktitle = {ACM Sigplan Notices},
	Date-Added = {2013-01-24 10:31:03 +0000},
	Date-Modified = {2013-01-24 10:31:53 +0000},
	Keywords = {programming-language, forth, history},
	Number = {3},
	Organization = {ACM},
	Pages = {177--199},
	Title = {The evolution of Forth},
	Volume = {28},
	Year = {1993},
	Bdsk-File-1 = {YnBsaXN0MDDUAQIDBAUIJidUJHRvcFgkb2JqZWN0c1gkdmVyc2lvblkkYXJjaGl2ZXLRBgdUcm9vdIABqAkKFRYXGyIjVSRudWxs0wsMDQ4RFFpOUy5vYmplY3RzV05TLmtleXNWJGNsYXNzog8QgASABqISE4ACgAOAB1lhbGlhc0RhdGFccmVsYXRpdmVQYXRo0hgNGRpXTlMuZGF0YU8RAYgAAAAAAYgAAgAABlJlc29uegAAAAAAAAAAAAAAAAAAAAAAAAAAAMjsVHhIKwAAAB0zMxBSYXRoZXIxOTkzYWEucGRmAAAAAAAAAAAAAAAAAAAAAAAAAAAAAAAAAAAAAAAAAAAAAAAAAAAAAAAAAAAAAAADYgekxAhJGAAAAAAAAAAAAAUAAwAACSAAAAAAAAAAAAAAAAAAAAANYmliZGVzay1maWxlcwAAEAAIAADI7CpIAAAAEQAIAADECCz4AAAAAQAMAB0zMwAdMyUAHHrvAAIAO1Jlc29uejpsb2NhbHZvbDoAcmVzb3VyY2VzOgBiaWJkZXNrLWZpbGVzOgBSYXRoZXIxOTkzYWEucGRmAAAOACIAEABSAGEAdABoAGUAcgAxADkAOQAzAGEAYQAuAHAAZABmAA8ADgAGAFIAZQBzAG8AbgB6ABIAMWxvY2Fsdm9sL3Jlc291cmNlcy9iaWJkZXNrLWZpbGVzL1JhdGhlcjE5OTNhYS5wZGYAABMAAS8A//8AAIAF0hwdHh9YJGNsYXNzZXNaJGNsYXNzbmFtZaMfICFdTlNNdXRhYmxlRGF0YVZOU0RhdGFYTlNPYmplY3RfEDcuLi8uLi8uLi8uLi8uLi9yZXNvdXJjZXMvYmliZGVzay1maWxlcy9SYXRoZXIxOTkzYWEucGRm0hwdJCWiJSFcTlNEaWN0aW9uYXJ5EgABhqBfEA9OU0tleWVkQXJjaGl2ZXIACAARABYAHwAoADIANQA6ADwARQBLAFIAXQBlAGwAbwBxAHMAdgB4AHoAfACGAJMAmACgAiwCLgIzAjwCRwJLAlkCYAJpAqMCqAKrArgCvQAAAAAAAAIBAAAAAAAAACgAAAAAAAAAAAAAAAAAAALP}}

@article{von-neumann1993-fir,
	Author = {{von Neumann}, J.},
	Date-Added = {2013-01-22 08:36:51 +0000},
	Date-Modified = {2013-01-24 11:38:24 +0000},
	Journal = {Annals of the History of Computing, IEEE},
	Keywords = {computer architecture, theory, logic, math},
	Note = {originally published in 1945},
	Number = {4},
	Pages = {27--75},
	Publisher = {IEEE},
	Title = {First Draft of a Report on the EDVAC},
	Volume = {15},
	Year = {1993},
	Bdsk-File-1 = {YnBsaXN0MDDUAQIDBAUIJidUJHRvcFgkb2JqZWN0c1gkdmVyc2lvblkkYXJjaGl2ZXLRBgdUcm9vdIABqAkKFRYXGyIjVSRudWxs0wsMDQ4RFFpOUy5vYmplY3RzV05TLmtleXNWJGNsYXNzog8QgASABqISE4ACgAOAB1lhbGlhc0RhdGFccmVsYXRpdmVQYXRo0hgNGRpXTlMuZGF0YU8RAZoAAAAAAZoAAgAABlJlc29uegAAAAAAAAAAAAAAAAAAAAAAAAAAAMjsVHhIKwAAAB0zMxVWb24gTmV1bWFubjE5OTNhYS5wZGYAAAAAAAAAAAAAAAAAAAAAAAAAAAAAAAAAAAAAAAAAAAAAAAAAAAAAAAADXrPZywPleAAAAAAAAAAAAAUAAwAACSAAAAAAAAAAAAAAAAAAAAANYmliZGVzay1maWxlcwAAEAAIAADI7CpIAAAAEQAIAADLA8lYAAAAAQAMAB0zMwAdMyUAHHrvAAIAQFJlc29uejpsb2NhbHZvbDoAcmVzb3VyY2VzOgBiaWJkZXNrLWZpbGVzOgBWb24gTmV1bWFubjE5OTNhYS5wZGYADgAsABUAVgBvAG4AIABOAGUAdQBtAGEAbgBuADEAOQA5ADMAYQBhAC4AcABkAGYADwAOAAYAUgBlAHMAbwBuAHoAEgA2bG9jYWx2b2wvcmVzb3VyY2VzL2JpYmRlc2stZmlsZXMvVm9uIE5ldW1hbm4xOTkzYWEucGRmABMAAS8A//8AAIAF0hwdHh9YJGNsYXNzZXNaJGNsYXNzbmFtZaMfICFdTlNNdXRhYmxlRGF0YVZOU0RhdGFYTlNPYmplY3RfEDwuLi8uLi8uLi8uLi8uLi9yZXNvdXJjZXMvYmliZGVzay1maWxlcy9Wb24gTmV1bWFubjE5OTNhYS5wZGbSHB0kJaIlIVxOU0RpY3Rpb25hcnkSAAGGoF8QD05TS2V5ZWRBcmNoaXZlcgAIABEAFgAfACgAMgA1ADoAPABFAEsAUgBdAGUAbABvAHEAcwB2AHgAegB8AIYAkwCYAKACPgJAAkUCTgJZAl0CawJyAnsCugK/AsICzwLUAAAAAAAAAgEAAAAAAAAAKAAAAAAAAAAAAAAAAAAAAuY=}}

@article{luque2009-the,
	Author = {Luque, S.},
	Date-Added = {2013-01-19 13:39:04 +0000},
	Date-Modified = {2013-01-19 13:41:29 +0000},
	Journal = {Leonardo Music Journal},
	Keywords = {stochastic synthesis, Sound Synthesis},
	Pages = {77--84},
	Publisher = {MIT Press},
	Title = {The Stochastic Synthesis of Iannis Xenakis},
	Year = {2009},
	Bdsk-File-1 = {YnBsaXN0MDDUAQIDBAUIJidUJHRvcFgkb2JqZWN0c1gkdmVyc2lvblkkYXJjaGl2ZXLRBgdUcm9vdIABqAkKFRYXGyIjVSRudWxs0wsMDQ4RFFpOUy5vYmplY3RzV05TLmtleXNWJGNsYXNzog8QgASABqISE4ACgAOAB1lhbGlhc0RhdGFccmVsYXRpdmVQYXRo0hgNGRpXTlMuZGF0YU8RAYIAAAAAAYIAAgAABlJlc29uegAAAAAAAAAAAAAAAAAAAAAAAAAAAMjsVHhIKwAAAB0zMw9MdXF1ZTIwMDlhYS5wZGYAAAAAAAAAAAAAAAAAAAAAAAAAAAAAAAAAAAAAAAAAAAAAAAAAAAAAAAAAAAAAAAADXe9qzSBvAQAAAAAAAAAAAAUAAwAACSAAAAAAAAAAAAAAAAAAAAANYmliZGVzay1maWxlcwAAEAAIAADI7CpIAAAAEQAIAADNIFLhAAAAAQAMAB0zMwAdMyUAHHrvAAIAOlJlc29uejpsb2NhbHZvbDoAcmVzb3VyY2VzOgBiaWJkZXNrLWZpbGVzOgBMdXF1ZTIwMDlhYS5wZGYADgAgAA8ATAB1AHEAdQBlADIAMAAwADkAYQBhAC4AcABkAGYADwAOAAYAUgBlAHMAbwBuAHoAEgAwbG9jYWx2b2wvcmVzb3VyY2VzL2JpYmRlc2stZmlsZXMvTHVxdWUyMDA5YWEucGRmABMAAS8A//8AAIAF0hwdHh9YJGNsYXNzZXNaJGNsYXNzbmFtZaMfICFdTlNNdXRhYmxlRGF0YVZOU0RhdGFYTlNPYmplY3RfEDYuLi8uLi8uLi8uLi8uLi9yZXNvdXJjZXMvYmliZGVzay1maWxlcy9MdXF1ZTIwMDlhYS5wZGbSHB0kJaIlIVxOU0RpY3Rpb25hcnkSAAGGoF8QD05TS2V5ZWRBcmNoaXZlcgAIABEAFgAfACgAMgA1ADoAPABFAEsAUgBdAGUAbABvAHEAcwB2AHgAegB8AIYAkwCYAKACJgIoAi0CNgJBAkUCUwJaAmMCnAKhAqQCsQK2AAAAAAAAAgEAAAAAAAAAKAAAAAAAAAAAAAAAAAAAAsg=}}

@electronic{maurer1999-a-b,
	Author = {Maurer, J.},
	Date-Added = {2013-01-19 12:59:48 +0000},
	Date-Modified = {2013-01-19 13:03:23 +0000},
	Keywords = {music, music-survey},
	Note = {[Accessed: Jan. 19, 2013]},
	Title = {A Brief History of Algorithmic Composition},
	Url = {http://ccrma.stanford.edu/\~{}blackrse/algorithm.html},
	Urldate = {19.1.2013},
	Year = {1999},
	Abstract = {"Since I have always preferred making plans to executing them, I have gravitated towards situations and systems that, once set into operation, could create music with little or no intervention on my part. That is to say, I tend towards the roles of planner and programmer, and then become an audience to the results" -Brian Eno (Alpern, 1995).

Algorithmic composition, sometimes also referred to as "automated composition," basically refers to "the process of using some formal process to make music with minimal human intervention" (Alpern, 1995). Such "formal processes," as we will see, have been familiar to music since ancient times. The title itself, however, is relatively new---the term "algorithm" having been adopted from the fields of computer science and information science around the halfway mark of the 20th century (Burns, 1997). Computers have given composers new opportunities to automate the compositional process. Furthermore, as we will explore, several different methods of doing so have developed in the last forty years or so.

To begin with the title itself, Webster's dictionary defines an "algorithm" simply as "a predetermined set of instructions for solving a specific problem in a limited number of steps." The "problem" composers are faced with, of course, is creating music; the "instructions" for creating this music according to the definition are "predetermined," suggesting that intervention on the part of the human composer is superceded once the compositional process itself is set into motion, as hinted at as well in the above Brian Eno quote. Thus, "automated composition" also suitably describes this kind of music, since "automation" refers to "anything that can move or act of itself."},
	Bdsk-Url-1 = {https://ccrma.stanford.edu/~blackrse/algorithm.html}}

@book{mathews2005-oul,
	Author = {Mathews, H. and Brotchie, A. and Queneau, R.},
	Date-Added = {2013-01-17 14:57:03 +0000},
	Date-Modified = {2013-01-17 14:57:29 +0000},
	Isbn = {9780974355436},
	Keywords = {oulipo, constraints, literature},
	Publisher = {Atlas Press},
	Title = {Oulipo compendium},
	Year = {2005}}

@book{koskinen2011design,
	Author = {Koskinen, I. and Zimmerman, J. and Binder, T. and Redstrom, J. and Wensveen, S.},
	Date-Added = {2012-11-19 09:38:40 +0000},
	Date-Modified = {2012-11-19 09:39:06 +0000},
	Keywords = {design, design research, practice based research},
	Publisher = {Morgan Kaufmann},
	Title = {Design Research through Practice: From the Lab, Field, and Showroom},
	Year = {2011},
	Bdsk-File-1 = {YnBsaXN0MDDUAQIDBAUIJidUJHRvcFgkb2JqZWN0c1gkdmVyc2lvblkkYXJjaGl2ZXLRBgdUcm9vdIABqAkKFRYXGyIjVSRudWxs0wsMDQ4RFFpOUy5vYmplY3RzV05TLmtleXNWJGNsYXNzog8QgASABqISE4ACgAOAB1lhbGlhc0RhdGFccmVsYXRpdmVQYXRo0hgNGRpXTlMuZGF0YU8RAZAAAAAAAZAAAgAABlJlc29uegAAAAAAAAAAAAAAAAAAAAAAAAAAAMjsVHhIKwAAAB0zMxJLb3NraW5lbjIwMTFhYS5wZGYAAAAAAAAAAAAAAAAAAAAAAAAAAAAAAAAAAAAAAAAAAAAAAAAAAAAAAAAAAAADLTJ7zL1b8wAAAAAAAAAAAAUAAwAACSAAAAAAAAAAAAAAAAAAAAANYmliZGVzay1maWxlcwAAEAAIAADI7CpIAAAAEQAIAADMvT/TAAAAAQAMAB0zMwAdMyUAHHrvAAIAPVJlc29uejpsb2NhbHZvbDoAcmVzb3VyY2VzOgBiaWJkZXNrLWZpbGVzOgBLb3NraW5lbjIwMTFhYS5wZGYAAA4AJgASAEsAbwBzAGsAaQBuAGUAbgAyADAAMQAxAGEAYQAuAHAAZABmAA8ADgAGAFIAZQBzAG8AbgB6ABIAM2xvY2Fsdm9sL3Jlc291cmNlcy9iaWJkZXNrLWZpbGVzL0tvc2tpbmVuMjAxMWFhLnBkZgAAEwABLwD//wAAgAXSHB0eH1gkY2xhc3Nlc1okY2xhc3NuYW1lox8gIV1OU011dGFibGVEYXRhVk5TRGF0YVhOU09iamVjdF8QOS4uLy4uLy4uLy4uLy4uL3Jlc291cmNlcy9iaWJkZXNrLWZpbGVzL0tvc2tpbmVuMjAxMWFhLnBkZtIcHSQloiUhXE5TRGljdGlvbmFyeRIAAYagXxAPTlNLZXllZEFyY2hpdmVyAAgAEQAWAB8AKAAyADUAOgA8AEUASwBSAF0AZQBsAG8AcQBzAHYAeAB6AHwAhgCTAJgAoAI0AjYCOwJEAk8CUwJhAmgCcQKtArICtQLCAscAAAAAAAACAQAAAAAAAAAoAAAAAAAAAAAAAAAAAAAC2Q==}}

@inbook{bovermann2011-the,
	Author = {Bovermann, T. and Rohrhuber, J. and de Campo, A.},
	Chapter = {Laboratory Methods for Experimental Sonification},
	Crossref = {2011-the},
	Date-Added = {2012-01-31 09:31:51 +0000},
	Date-Modified = {2012-01-31 09:34:24 +0000},
	Pages = {237--272},
	Bdsk-File-1 = {YnBsaXN0MDDUAQIDBAUIJidUJHRvcFgkb2JqZWN0c1gkdmVyc2lvblkkYXJjaGl2ZXLRBgdUcm9vdIABqAkKFRYXGyIjVSRudWxs0wsMDQ4RFFpOUy5vYmplY3RzV05TLmtleXNWJGNsYXNzog8QgASABqISE4ACgAOAB1lhbGlhc0RhdGFccmVsYXRpdmVQYXRo0hgNGRpXTlMuZGF0YU8RAZIAAAAAAZIAAgAABlJlc29uegAAAAAAAAAAAAAAAAAAAAAAAAAAAMjsVHhIKwAAAB0zMxNCb3Zlcm1hbm4yMDExYWEucGRmAAAAAAAAAAAAAAAAAAAAAAAAAAAAAAAAAAAAAAAAAAAAAAAAAAAAAAAAAAACQqcTywXIvAAAAAAAAAAAAAUAAwAACSAAAAAAAAAAAAAAAAAAAAANYmliZGVzay1maWxlcwAAEAAIAADI7CpIAAAAEQAIAADLBaycAAAAAQAMAB0zMwAdMyUAHHrvAAIAPlJlc29uejpsb2NhbHZvbDoAcmVzb3VyY2VzOgBiaWJkZXNrLWZpbGVzOgBCb3Zlcm1hbm4yMDExYWEucGRmAA4AKAATAEIAbwB2AGUAcgBtAGEAbgBuADIAMAAxADEAYQBhAC4AcABkAGYADwAOAAYAUgBlAHMAbwBuAHoAEgA0bG9jYWx2b2wvcmVzb3VyY2VzL2JpYmRlc2stZmlsZXMvQm92ZXJtYW5uMjAxMWFhLnBkZgATAAEvAP//AACABdIcHR4fWCRjbGFzc2VzWiRjbGFzc25hbWWjHyAhXU5TTXV0YWJsZURhdGFWTlNEYXRhWE5TT2JqZWN0XxA6Li4vLi4vLi4vLi4vLi4vcmVzb3VyY2VzL2JpYmRlc2stZmlsZXMvQm92ZXJtYW5uMjAxMWFhLnBkZtIcHSQloiUhXE5TRGljdGlvbmFyeRIAAYagXxAPTlNLZXllZEFyY2hpdmVyAAgAEQAWAB8AKAAyADUAOgA8AEUASwBSAF0AZQBsAG8AcQBzAHYAeAB6AHwAhgCTAJgAoAI2AjgCPQJGAlECVQJjAmoCcwKwArUCuALFAsoAAAAAAAACAQAAAAAAAAAoAAAAAAAAAAAAAAAAAAAC3A==}}

@book{2011-the,
	Address = {Berlin, Germany},
	Booktitle = {The Sonification Handbook},
	Date-Added = {2012-01-31 09:31:25 +0000},
	Date-Modified = {2012-01-31 09:34:24 +0000},
	Editor = {Hermann, Thomas and Hunt, Andy and Neuhoff, John G.},
	Isbn = {978-3-8325-2819-5},
	Keywords = {HCI, sonification},
	Pages = {1--586},
	Publisher = {Logos Publishing House},
	Title = {The Sonification Handbook},
	Url = {http://sonification.de/handbook},
	Year = {2011},
	Abstract = {This book is a comprehensive introductory presentation of the key research areas in the interdisciplinary fields of sonification and auditory display. Chapters are written by leading experts, providing a wide-range coverage of the central issues, and can be read from start to finish, or dipped into as required (like a smorgasbord menu). Sonification conveys information by using non-speech sounds.
To listen to data as sound and noise can be a surprising new experience with diverse applications ranging from novel interfaces for visually impaired people to data analysis problems in many scientific fields.
This book gives a solid introduction to the field of auditory display, the techniques for sonification, suitable technologies for developing sonification algorithms, and the most promising application areas. The book is accompanied by the online repository of sound examples.},
	Bdsk-File-1 = {YnBsaXN0MDDUAQIDBAUIJidUJHRvcFgkb2JqZWN0c1gkdmVyc2lvblkkYXJjaGl2ZXLRBgdUcm9vdIABqAkKFRYXGyIjVSRudWxs0wsMDQ4RFFpOUy5vYmplY3RzV05TLmtleXNWJGNsYXNzog8QgASABqISE4ACgAOAB1lhbGlhc0RhdGFccmVsYXRpdmVQYXRo0hgNGRpXTlMuZGF0YU8RAfAAAAAAAfAAAgAABlJlc29uegAAAAAAAAAAAAAAAAAAAAAAAAAAAMjsVHhIKwAAABHq2R9UaGVTb25pZmljYXRpb25IYW5kIzI0MkE2RjIucGRmAAAAAAAAAAAAAAAAAAAAAAAAAAAAAAAAAAAAAAAAAAACQqbyywXI3gAAAAAAAAAAAAMAAgAACSAAAAAAAAAAAAAAAAAAAAAJRG93bmxvYWRzAAAQAAgAAMjsKkgAAAARAAgAAMsFrL4AAAABAAwAEerZAA9+QAAAk/AAAgBCUmVzb256OlVzZXJzOgB0Ym92ZXJtYToARG93bmxvYWRzOgBUaGVTb25pZmljYXRpb25IYW5kIzI0MkE2RjIucGRmAA4AaAAzAFQAaABlAFMAbwBuAGkAZgBpAGMAYQB0AGkAbwBuAEgAYQBuAGQAYgBvAG8AawAtAEgAZQByAG0AYQBuAG4ASAB1AG4AdABOAGUAdQBoAG8AZgBmAC0AMgAwADEAMQAuAHAAZABmAA8ADgAGAFIAZQBzAG8AbgB6ABIATFVzZXJzL3Rib3Zlcm1hL0Rvd25sb2Fkcy9UaGVTb25pZmljYXRpb25IYW5kYm9vay1IZXJtYW5uSHVudE5ldWhvZmYtMjAxMS5wZGYAEwABLwAAFQACAA///wAAgAXSHB0eH1gkY2xhc3Nlc1okY2xhc3NuYW1lox8gIV1OU011dGFibGVEYXRhVk5TRGF0YVhOU09iamVjdF8QRi4uLy4uLy4uL0Rvd25sb2Fkcy9UaGVTb25pZmljYXRpb25IYW5kYm9vay1IZXJtYW5uSHVudE5ldWhvZmYtMjAxMS5wZGbSHB0kJaIlIVxOU0RpY3Rpb25hcnkSAAGGoF8QD05TS2V5ZWRBcmNoaXZlcgAIABEAFgAfACgAMgA1ADoAPABFAEsAUgBdAGUAbABvAHEAcwB2AHgAegB8AIYAkwCYAKAClAKWApsCpAKvArMCwQLIAtEDGgMfAyIDLwM0AAAAAAAAAgEAAAAAAAAAKAAAAAAAAAAAAAAAAAAAA0Y=}}

@article{green1989cognitive,
  title={Cognitive dimensions of notations},
  author={Green, Thomas RG},
  journal={People and computers V},
  pages={443--460},
  year={1989}
}


@comment{BibDesk Static Groups{
<?xml version="1.0" encoding="UTF-8"?>
<!DOCTYPE plist PUBLIC "-//Apple//DTD PLIST 1.0//EN" "http://www.apple.com/DTDs/PropertyList-1.0.dtd">
<plist version="1.0">
<array>
	<dict>
		<key>group name</key>
		<string>%40 alamanac archetypes</string>
		<key>keys</key>
		<string></string>
	</dict>
	<dict>
		<key>group name</key>
		<string>%40 betablocker CMJ paper</string>
		<key>keys</key>
		<string>koskinen2011design,2006-the,alpert1993-arc,luque2009-the,barricelli1963numerical,kane1988-mip,von-neumann1993-fir,ward2004-liv,maurer1999-a-b,mclean2010-vis,rather1993-the,mathews2005-oul,bovermann2011-the,2011-the</string>
	</dict>
	<dict>
		<key>group name</key>
		<string>%40 DEIND readings</string>
		<key>keys</key>
		<string></string>
	</dict>
	<dict>
		<key>group name</key>
		<string>2006-AmbiD</string>
		<key>keys</key>
		<string></string>
	</dict>
	<dict>
		<key>group name</key>
		<string>2007-ISonEEG</string>
		<key>keys</key>
		<string></string>
	</dict>
	<dict>
		<key>group name</key>
		<string>2007-ISonJuggling</string>
		<key>keys</key>
		<string></string>
	</dict>
	<dict>
		<key>group name</key>
		<string>2008 tangible interaction intro talk</string>
		<key>keys</key>
		<string></string>
	</dict>
	<dict>
		<key>group name</key>
		<string>2008-Bender</string>
		<key>keys</key>
		<string></string>
	</dict>
	<dict>
		<key>group name</key>
		<string>2008-DAGM-Hungarian</string>
		<key>keys</key>
		<string></string>
	</dict>
	<dict>
		<key>group name</key>
		<string>2008-MarbleTrack</string>
		<key>keys</key>
		<string></string>
	</dict>
	<dict>
		<key>group name</key>
		<string>2008-QCDpaper</string>
		<key>keys</key>
		<string></string>
	</dict>
	<dict>
		<key>group name</key>
		<string>2008-SoundCluster</string>
		<key>keys</key>
		<string></string>
	</dict>
	<dict>
		<key>group name</key>
		<string>2008-TUImod</string>
		<key>keys</key>
		<string></string>
	</dict>
	<dict>
		<key>group name</key>
		<string>2009-MIT-Reim</string>
		<key>keys</key>
		<string></string>
	</dict>
	<dict>
		<key>group name</key>
		<string>2009-PhD--Intro_AuditoryDisplays</string>
		<key>keys</key>
		<string></string>
	</dict>
	<dict>
		<key>group name</key>
		<string>2009-PhD--Intro_ID</string>
		<key>keys</key>
		<string></string>
	</dict>
	<dict>
		<key>group name</key>
		<string>2009-PhD--Intro_Information</string>
		<key>keys</key>
		<string></string>
	</dict>
	<dict>
		<key>group name</key>
		<string>2009-PhD--Intro_InterfacingComputersWithHumans</string>
		<key>keys</key>
		<string></string>
	</dict>
	<dict>
		<key>group name</key>
		<string>2009-PhD--Intro_relatedWork</string>
		<key>keys</key>
		<string></string>
	</dict>
	<dict>
		<key>group name</key>
		<string>2009-PhD--Intro_TAID</string>
		<key>keys</key>
		<string></string>
	</dict>
	<dict>
		<key>group name</key>
		<string>2009-PhD--Intro_Tangible Interfaces</string>
		<key>keys</key>
		<string></string>
	</dict>
	<dict>
		<key>group name</key>
		<string>2009-PhD-Apps_Durcheinander</string>
		<key>keys</key>
		<string></string>
	</dict>
	<dict>
		<key>group name</key>
		<string>2009-PhD-Apps_JugglingSounds</string>
		<key>keys</key>
		<string></string>
	</dict>
	<dict>
		<key>group name</key>
		<string>2009-PhD-Apps_MoveSound</string>
		<key>keys</key>
		<string></string>
	</dict>
	<dict>
		<key>group name</key>
		<string>2009-PhD-Apps_Reim</string>
		<key>keys</key>
		<string></string>
	</dict>
	<dict>
		<key>group name</key>
		<string>2009-PhD-Evaluation</string>
		<key>keys</key>
		<string></string>
	</dict>
	<dict>
		<key>group name</key>
		<string>2009-PhD-Level_of_Abstraction</string>
		<key>keys</key>
		<string></string>
	</dict>
	<dict>
		<key>group name</key>
		<string>2009-PhD-vorbilder</string>
		<key>keys</key>
		<string></string>
	</dict>
	<dict>
		<key>group name</key>
		<string>2011-upstairs</string>
		<key>keys</key>
		<string></string>
	</dict>
	<dict>
		<key>group name</key>
		<string>C5</string>
		<key>keys</key>
		<string></string>
	</dict>
	<dict>
		<key>group name</key>
		<string>Diplomas</string>
		<key>keys</key>
		<string></string>
	</dict>
	<dict>
		<key>group name</key>
		<string>ISY</string>
		<key>keys</key>
		<string></string>
	</dict>
	<dict>
		<key>group name</key>
		<string>SemTangible</string>
		<key>keys</key>
		<string></string>
	</dict>
	<dict>
		<key>group name</key>
		<string>unvollständig</string>
		<key>keys</key>
		<string></string>
	</dict>
</array>
</plist>
}}

@comment{BibDesk Smart Groups{
<?xml version="1.0" encoding="UTF-8"?>
<!DOCTYPE plist PUBLIC "-//Apple//DTD PLIST 1.0//EN" "http://www.apple.com/DTDs/PropertyList-1.0.dtd">
<plist version="1.0">
<array>
	<dict>
		<key>conditions</key>
		<array>
			<dict>
				<key>comparison</key>
				<integer>2</integer>
				<key>key</key>
				<string>Keywords</string>
				<key>value</key>
				<string>Acoustics</string>
				<key>version</key>
				<string>1</string>
			</dict>
			<dict>
				<key>comparison</key>
				<integer>2</integer>
				<key>key</key>
				<string>Keywords</string>
				<key>value</key>
				<string>Auditory</string>
				<key>version</key>
				<string>1</string>
			</dict>
			<dict>
				<key>comparison</key>
				<integer>2</integer>
				<key>key</key>
				<string>Keywords</string>
				<key>value</key>
				<string>Sonification</string>
				<key>version</key>
				<string>1</string>
			</dict>
			<dict>
				<key>comparison</key>
				<integer>2</integer>
				<key>key</key>
				<string>Keywords</string>
				<key>value</key>
				<string>Sound</string>
				<key>version</key>
				<string>1</string>
			</dict>
		</array>
		<key>conjunction</key>
		<integer>1</integer>
		<key>group name</key>
		<string>Auditory</string>
	</dict>
	<dict>
		<key>conditions</key>
		<array>
			<dict>
				<key>comparison</key>
				<integer>2</integer>
				<key>key</key>
				<string>Author</string>
				<key>value</key>
				<string>Bovermann</string>
				<key>version</key>
				<string>1</string>
			</dict>
			<dict>
				<key>comparison</key>
				<integer>2</integer>
				<key>key</key>
				<string>Editor</string>
				<key>value</key>
				<string>Bovermann</string>
				<key>version</key>
				<string>1</string>
			</dict>
		</array>
		<key>conjunction</key>
		<integer>1</integer>
		<key>group name</key>
		<string>Bovermann</string>
	</dict>
	<dict>
		<key>conditions</key>
		<array>
			<dict>
				<key>comparison</key>
				<integer>2</integer>
				<key>key</key>
				<string>Author</string>
				<key>value</key>
				<string>Hermann</string>
				<key>version</key>
				<string>1</string>
			</dict>
		</array>
		<key>conjunction</key>
		<integer>0</integer>
		<key>group name</key>
		<string>Hermann</string>
	</dict>
	<dict>
		<key>conditions</key>
		<array>
			<dict>
				<key>comparison</key>
				<integer>2</integer>
				<key>key</key>
				<string>BibTeX Type</string>
				<key>value</key>
				<string>phd</string>
				<key>version</key>
				<string>1</string>
			</dict>
		</array>
		<key>conjunction</key>
		<integer>0</integer>
		<key>group name</key>
		<string>PhD-Thesises</string>
	</dict>
	<dict>
		<key>conditions</key>
		<array>
			<dict>
				<key>comparison</key>
				<integer>4</integer>
				<key>key</key>
				<string>Read</string>
				<key>value</key>
				<string>Yes</string>
				<key>version</key>
				<string>1</string>
			</dict>
		</array>
		<key>conjunction</key>
		<integer>0</integer>
		<key>group name</key>
		<string>Read</string>
	</dict>
</array>
</plist>
}}
